<record xmlns='http://www.loc.gov/MARC21/slim'><leader>01686cim a22003612u 4500</leader><controlfield tag='001'>3601802</controlfield><controlfield tag='005'>20151214182940.0</controlfield><controlfield tag='007'>ss|lmnjluz|nuu</controlfield><controlfield tag='008'>991101s1989    nyunnn         l    eng d</controlfield><datafield ind1=' ' ind2=' ' tag='035'><subfield code='a'>(NIC)notisASF8867</subfield></datafield><datafield ind1=' ' ind2=' ' tag='035'><subfield code='a'>3601802</subfield></datafield><datafield ind1=' ' ind2=' ' tag='035'><subfield code='a'>(OCoLC)63898224</subfield></datafield><datafield ind1=' ' ind2=' ' tag='040'><subfield code='a'>NIC</subfield><subfield code='c'>NIC</subfield><subfield code='d'>NIC</subfield><subfield code='d'>NIC</subfield></datafield><datafield ind1='1' ind2=' ' tag='100'><subfield code='a'>Lee, Spike.</subfield></datafield><datafield ind1='1' ind2='0' tag='245'><subfield code='a'>Spike Lee talk about his films</subfield><subfield code='h'>[sound recording]</subfield></datafield><datafield ind1=' ' ind2=' ' tag='260'><subfield code='c'>1989.</subfield></datafield><datafield ind1=' ' ind2=' ' tag='300'><subfield code='a'>1 sound cassette (80 min.) :</subfield><subfield code='b'>analog, mono.</subfield></datafield><datafield ind1=' ' ind2=' ' tag='500'><subfield code='a'>Recorded in Ithaca, NY by Cornell University.</subfield></datafield><datafield ind1=' ' ind2=' ' tag='500'><subfield code='a'>Sponsored by: Africana Studies and Research Center,Third World Programming Board,Theatre Arts, Department of,Council on the Creative and Performing Arts,Pentangle,Cornell Cinema.</subfield></datafield><datafield ind1=' ' ind2=' ' tag='500'><subfield code='a'>Speaker(s): Filmmaker; director of &quot;She&apos;s Gotta Have It&quot; and &quot;School Daze&quot;.</subfield></datafield><datafield ind1=' ' ind2=' ' tag='518'><subfield code='a'>Discussion, April 6, 1989.</subfield></datafield><datafield ind1=' ' ind2=' ' tag='520'><subfield code='a'>Following a screening of &quot;School Daze,&quot; Lee answers questions from the audience regarding such issues as his experiences as a black filmaker, his intentions in making the film, and his views on the social and political questions it raises.</subfield></datafield><datafield ind1='1' ind2='0' tag='600'><subfield code='a'>Lee, Spike.</subfield></datafield><datafield ind1=' ' ind2='0' tag='650'><subfield code='a'>African American motion picture producers and directors.</subfield></datafield><datafield ind1=' ' ind2='0' tag='650'><subfield code='a'>African Americans in motion pictures.</subfield></datafield><datafield ind1='1' ind2='7' tag='600'><subfield code='a'>Lee, Spike</subfield><subfield code='2'>fast</subfield><subfield code='0'>(OCoLC)fst00201121</subfield></datafield><datafield ind1=' ' ind2='7' tag='650'><subfield code='a'>African American motion picture producers and directors</subfield><subfield code='2'>fast</subfield><subfield code='0'>(OCoLC)fst00799269</subfield></datafield><datafield ind1=' ' ind2='7' tag='650'><subfield code='a'>African Americans in motion pictures</subfield><subfield code='2'>fast</subfield><subfield code='0'>(OCoLC)fst00799733</subfield></datafield><datafield ind1=' ' ind2='0' tag='830'><subfield code='a'>Toni Morrison lectures.</subfield></datafield><datafield ind1=' ' ind2='0' tag='830'><subfield code='a'>Rose Goldsen memorial lectures.</subfield></datafield><datafield ind1='1' ind2=' ' tag='899'><subfield code='a'>CULectures</subfield></datafield><datafield ind1=' ' ind2=' ' tag='905'><subfield code='a'>20000329120000.0</subfield></datafield><datafield ind1='2' ind2=' ' tag='948'><subfield code='a'>20141221</subfield><subfield code='b'>m</subfield><subfield code='d'>batch</subfield><subfield code='e'>lts</subfield><subfield code='x'>addfast</subfield></datafield></record>